2086 3660
191 162 266 266 '368
325 163 845 242 Flammarum-1-

188 279 300 356 eeseos
318 339 328 370 ,
347 281 491 380 fingulis
517 282 614 355 antris
637 286 822 357 convocati
841 282 960 373 solitis,

153 455 157 462 ,
189 379 377 453 exorientia
397 381 485 452 mala
510 380 608 452 novis
633 379 792 453 institutis
815 383 982 454 codrot*

189 474 293 557 barm,
312 479 363 554 Ac
371 476 511 550 demum
525 475 762 571 experimento
770 502 847 550 meo
857 501 959 549 com·

189 575 265 670 peti
275 581 297 664 ‚‘
309 573 458 648 infinitos
472 574 504 647 ei
521 571 651 646 labores
667 575 732 646 ell'e
748 572 960 670 propositos,

189 670 320 770 vixque
341 673 488 744 humana
501 695 566 765 ope
581 671 832 761 exantlandoa,
862 671 957 768 quis·

216 768 268 842 uis
286 766 531 864 Episcopatum
552 767 663 863 ptod'
687 770 794 842 nitate
813 768 961 840 admini-

188 791 292 938 slrare
312 864 431 953 vellet,
451 863 641 937 animarum
656 791 751 938 ldluti
770 863 958 963 invigilare,

187 959 353 1034 vitiorum
382 960 501 1057 stirpes
535 959 684 1050 elidere,
718 962 855 1034 virtutis
884 961 956 1034 stu·

187 1057 287 1130 dium
316 1081 547 1155 promovere,
579 1057 707 1153 pietatis
724 1059 759 1130 δι
783 1059 957 1168 religionis

188 1153 413 1252 integritatem
437 1155 556 1244 tueri,
589 1153 688 1252 seque
705 1155 828 1252 ‘ipsum
847 1181 881 1228 ru
898 1181 955 1229 eos
1025 1243 1026 1246 Ἴ

190 1275 305 1326 morea
330 1251 491 1352 effingere
511 1286 532 1344 ‚·
552 1251 614 1350 qui
638 1251 722 1327 vitae
747 1277 868 1327 norma
891 1253 956 1328 toti
1025 1249 1026 1268 ¹

188 1349 286 1451 gregi
302 1347 512 1426 futuri-sunt
780 1415 783 1420 .
807 1401 811 1412 .

234 1448 302 1523 Sed
321 1452 356 1524 δε
377 1447 427 1522 ad
444 1447 591 1546 reliquae
603 1471 740 1546 quoque
757 1473 809 1522 res
830 1445 952 1535 Abrin-

185 1545 291 1624 cenfis
323 1543 515 1634 Ecclesiae,
556 1569 701 1640 quarum
731 1545 768 1618 in
795 1552 951 1619 motura

186 1641 421 1734 collaterat,
451 1638 699 1740 inspiciendas,
737 1643 950 1740 posteaquam

186 1741 307 1816 oculos
324 1739 573 1838 quaquaversus
587 1739 804 1832 circumtuli,
828 1764 952 1840 cogno·

183 1839 222 1914 ui
244 1839 419 1918 Catulum.
435 1838 674 1944 Marcatellum
695 1839 952 1915 Santevremon·

182 1934 315 2026 dium,
353 1936 395 2012 ad
415 1937 417 1944 ⁴
440 1961 556 2012 meum
580 1959 736 2038 ⁴gregem
775 1937 950 2108 pertinere.

181 2033 321 2130 Jamdiu
346 2055 459 2110 autem
485 2032 656 2108 exsulabat
674 2034 732 2109 ille
752 2034 790 2108 itt
811 2035 845 2109 A
870 2035 952 2138 glia‚

181 2129 257 2228 qud
271 2134 471 2208 concell'erat
482 2132 583 2212 Aulae
599 2129 726 2228 frigore
743 2132 853 2224 isius,
877 2156 952 2229 pto·

179 2247 256 2328 pter
296 2228 555 2306 immoderatam
592 2227 806 2309 dicacitatem
843 2231 954 2320 suam,

180 2351 222 2404 ac
249 2332 402 2402 metuens
422 2327 523 2407 etiam
550 2329 717 2427 graviora.
765 2327 849 2425 Ego
874 2326 952 2403 verit

178 2423 290 2522 probi:
308 2445 466 2516 memor,
488 2424 524 2498 id
547 2424 611 2500 css'e
623 2423 715 2502 ,boni
733 2421 881 2500 Pastoris
901 2421 952 2500 os·

180 2519 303 2602 fitium
326 2521 510 2598 deerrantis
539 2521 685 2595 ovicul‘e
713 2522 855 2620 vestigia
882 2546 954 2619 per·

179 2619 305 2716 sequi,
347 2643 512 2716 repertam
532 2620 569 2694 &
592 2618 742 2694 humeris
761 2619 953 2717 impostam

179 2715 222 2798 ad
237 2719 329 2790 ovile
348 2737 538 2812 reportare,
563 2715 674 2810 scripsi
696 2716 738 2788 ad
758 2717 956 2790 Henricum
1020 2749 1021 2758 ¹

177 2811 384 2908 Jrstellum‚
408 2811 756 2912 amicumutriusqut
779 2814 957 2922 uestrum,

180 2911 336 2997 Loudiui
354 2933 436 2988 tunc
447 2929 617 3020 agentem
631 2967 648 3004 „
678 2933 869 3018 rogavique
886 2912 954 2984 adi·
