2080 3670
131 148 268 231 Coull.
288 170 341 227 nu
358 126 494 230 Rnnus'
509 139 576 231 &a
598 141 745 238 Lilel.
783 151 856 260 153‘
882 209 896 247 ,·

79 276 248 352 riculuma
295 273 408 348 Hunc
456 274 579 373 grandi
626 279 776 354 carmine
812 259 881 356 &⁰

79 372 267 473 splendidis
292 372 439 468 laudum
458 374 649 454 nostrarum
672 377 851 470 praeconiis

78 469 280 569 prosecutus
303 469 351 542 est
372 470 542 564 Antonius·
562 472 736 565 Hallaeu's,
757 473 850 554 Ftae·

81 585 206 668 ceptor*
227 564 406 665 quondam
434 591 560 664 meus,
589 568 716 664 quibus
740 569 850 647 credi·

81 667 182 742 difl'es
204 665 296 738 dona
315 664 424 761 ipsum
446 663 503 740 sua
519 723 531 758 ,
547 666 766 766 debitamque
785 668 848 744 fibi

79 791 177 855 eam,
203 786 284 860 quae
303 762 342 835 in
358 784 413 835 me
429 783 519 854 erat,
540 761 705 840 scribendi
721 763 849 840 Lati'nd

79 863 278 938 facultatem
297 859 484 934 celebrass'e.
521 859 604 959 Qua
621 863 745 960 optimi
766 861 849 939 Ma·

79 961 175 1062 gistri
195 959 305 1032 amica
319 957 551 1034 testificatione
570 959 765 1036 decoratum
782 961 849 1039 ell'e

80 1083 164 1151 me,
186 1057 226 1130 &
250 1076 335 1130 tunc
357 1053 428 1129 fuir
451 1053 539 1129 mihi
563 1051 640 1130 sand
665 1058 848 1156 perjucun·

81 1158 191 1246 dum,
213 1154 251 1228 δε
274 1175 367 1226 nunc
384 1151 434 1228 est
452 1156 552 1228 ctiam
568 1155 666 1229 valde
679 1149 852 1233 honorifi·'

78 1272 175 1330 cum.
228 1251 278 1324 At
299 1249 477 1350 postquam
506 1253 566 1325 vul
595 1252 753 1354 i'judicio
769 1281 847 1355 per·

77 1353 199 1428 miuus
224 1350 273 1424 est
297 1346 384 1425 liber
400 1347 458 1423 ille
472 1348 530 1422 De
552 1278 846 1444 literpretatione,

78 1450 178 1527 venit
201 1449 242 1523 ad
263 1473 319 1523 rne
345 1445 517 1542 Johannes
546 1447 694 1545 Baptista
709 1450 848 1526 Cotele·

78 1547 172 1636 rius,
196 1547 302 1621 horno
319 1544 529 1643 pereruditus
547 1602 558 1636 ,
580 1542 736 1642 impense
754 1547 849 1622 dedi·

79 1663 135 1722 tus
146 1645 281 1720 Graecis
301 1641 455 1718 literis&
472 1642 624 1732 Latinis,
641 1641 845 1738 priscorum·

79 1762 148 1842 que
166 1739 331 1817 Ecclenae
355 1742 498 1817 P'atrum
519 1738 732 1860 detergendis
751 1739 853 1838 libris.

78 1843 118 1917 &
145 1840 354 1940 purgandis3
375 1861 499 1936 meque
518 1838 629 1912 amice
646 1861 848 1914 commone-

76 1939 176 2032 fecit,
238 1935 342 2013 ccalle
353 1961 407 2012 me
418 1933 575 2010 nonnihil
592 1934 735 2030 alicubi,
752 1939 848 2038 quod

77 2037 178 2114 emen
204 2034 253 2109 ari
282 2035 389 2132 poll'et
416 2035 453 2106 in
479 2029 729 2131 exemplaribus
760 2059 847 2112 non·

78 2138 166 2212 dum
185 2131 361 2243 distradtis.
389 2131 469 2231 Ego
485 2132 569 2208 verb
586 2131 847 2233 agnovihuma-

77 2235 220 2309 nitatem
243 2249 329 2319 vm,
352 2255 536 2327 meumque
550 2255 719 2320 errorem3
740 2257 844 2330 quem

76 2349 194 2408 tamen
213 2328 301 2402 mihi
315 2329 385 2426 jam
405 2325 654 2428 deprehensum
676 2331 713 2403 &
730 2355 846 2405 ernen-

78 2431 200 2504 datum
219 2423 351 2500 ostendi
366 2424 397 2498 ei
414 2427 450 2499 in
465 2449 543 2498 meo
562 2424 689 2497 codice.
715 2427 845 2502 Faciles

75 2525 215 2604 interim
237 2520 351 2596 versus
379 2524 415 2598 δε
443 2521 532 2598 levin
550 2521 699 2594 carmina
716 2519 848 2622 sparge.
891 2613 897 2620 ἱ

74 2625 156 2702 bam
168 2624 204 2696 in
215 2621 364 2719 vulgus,
380 2617 664 2718 Academicorum
680 2615 846 2697 sodalium

74 2723 244 2800 invitatus
264 2719 445 2816 exemplo,
479 2739 726 2814 nonnunquam
744 2718 780 2792 &
800 2722 846 2795 la.
971 2759 979 2767 -

73 2816 233 2905 ccffitus,
259 2823 409 2914 quorum
426 2819 460 2890 in
478 2815 663 2917 pangendis
674 2817 846 2916 praecipue

70 2912 289 3028 seruiunt
304 2912 452 3022 §ululat
466 2911 644 3112 saepiu
669 2915 848 3089 ltapggp
