2054 3660
97 69 243 160 Coun.
264 101 319 154 na
338 79 472 157 Renes
492 79 562 159 &cst
582 76 662 158 Lib.
675 79 739 162 Hi.
765 87 835 187 17‘7
868 137 872 146 ·

68 219 161 270 rum
181 220 238 270 me
258 192 391 304 praebui
417 195 554 270 monitis
584 197 637 270 vel
651 196 764 297 potiits
780 219 859 296 pre·

71 293 182 368 cibus
203 315 419 383 amicornm,
442 293 503 390 qui
520 291 646 368 crebris
665 297 767 371 literis
778 297 854 374 Lu-

70 390 200 464 tetiam
230 414 285 462 me
306 389 503 481 vocabant,
524 390 663 486 illicque
690 414 852 493 tanquam

71 487 112 560 in
145 485 332 561 Musarum
359 487 537 585 omnisque
565 487 760 564 urbanitatis
787 492 849 566 do-

70 585 217 658 micilio
232 585 342 659 sedem
356 582 460 684 figere
480 583 680 673 suadebant,
702 587 851 663 munici-

71 683 145 780 pali
156 682 400 779 tranquillitate
426 701 608 756 contemta.
634 683 719 756 Hoc
736 684 849 780 ipsum

70 775 412 854 certeimeeuixiirr
430 779 586 879 exigebat
597 782 754 854 voluntas
762 805 848 874 mea,

70 876 189 974 quim
206 876 290 950 ullae
299 874 487 950 amicorum
505 875 755 952 obtestationes.
778 882 847 955 Sed

71 973 236 1049 obstabat
263 974 346 1048 ratio
373 977 422 1049 rei
450 970 654 1065 familiaris,
687 999 766 1072 quae
789 1002 848 1054 cot

73 1073 152 1147 non
171 1069 361 1167 patiebatur
376 1069 528 1162 sumtus,
544 1094 631 1168 quos
647 1073 682 1145 in
698 1072 847 1170 splendi-

73 1171 122 1244 da
143 1170 181 1244 ὅ(
201 1167 384 1268 magnifica
399 1167 508 1261 urbe,
542 1171 578 1242 in
598 1167 765 1263 frequenti
780 1197 844 1246 no·

73 1266 203 1340 bilium
224 1265 482 1362 &elegantium
508 1265 687 1340 hominurn
703 1269 846 1364 conspe.

73 1364 140 1440 &u
160 1365 198 1437 &
215 1365 277 1438 usu
319 1363 465 1439 ostulare
484 1365 569 1439 ime
585 1362 763 1438 videbatur
781 1367 843 1439 ho-

74 1462 192 1536 nestus
222 1484 262 1536 ac
284 1389 434 1554 cicens,
457 1461 612 1558 mihique
636 1460 844 1537 conveniens

73 1557 161 1636 vitae
180 1561 304 1634 cultus.
387 1651 388 1654 Ἴ

101 1655 103 1658 ’
126 1657 227 1730 Dum
236 1655 442 1732 familiariter
450 1655 598 1728 versarer
606 1653 640 1728 in
650 1647 846 1752 hocColle7

73 1753 136 1854 gio
148 1753 178 1825 F
180 1752 315 1827 letiensi
331 1756 526 1828 curnPetro
536 1750 764 1845 Mambruno,
782 1751 841 1827 sae·
955 1821 964 1830 .

70 1875 118 1950 pe
137 1849 290 1925 veniebat
305 1852 438 1926 adeum
450 1849 652 1925 Ludovicus
664 1849 844 1926 Maeratiut

73 1973 119 2022 ex
137 1948 257 2023 eodem
272 1948 437 2024 Sodalitio
448 1948 517 2046 jam
534 1949 632 2040 ¹valde
649 1945 758 2024 senex.
784 1954 839 2024 Ae

15 2017 21 2112 i
71 2044 209 2120 fruebar
226 2069 294 2146 ego
312 2043 389 2120 sane
405 2067 570 2144 perquam
595 2045 737 2122 libenter
753 2049 838 2124 allo·

71 2142 160 2241 quio
177 2142 299 2241 optimi
311 2141 399 2235 viri,
419 2145 455 2218 bt
469 2142 596 2216 eximio
609 2144 737 2253 ingenii
755 2171 837 2222 acu-

70 2239 166 2314 mine
186 2239 366 2338 pollentis,
387 2243 562 2340 longoque
577 2239 639 2314 usu
660 2265 696 2314 tn
713 2244 837 2318 Theo·

72 2337 168 2436 logia
188 2337 345 2414 docenda
359 2335 502 2411 feliciter
517 2337 686 2410 exercitati
707 2362 718 2421 ;
741 2341 839 2433 quod

70 2434 111 2508 &
138 2434 319 2533 grandi&
350 2435 527 2508 luculento
555 2427 836 2524 Disputationum

70 2532 110 2606 in
135 2531 321 2605 universam
353 2529 507 2606 Thomae
530 2525 712 2624 A'quinatis
733 2529 837 2603 Sunt-

60 2652 163 2722 ¹mam
181 2651 285 2724 opere
306 2627 416 2726 palapr
432 2625 647 2726 approbavit.
956 2707 964 2716 ¹

120 2724 213 2800 Ciun
230 2724 429 2800 Cadomurn
440 2722 658 2822 repetiiffent,
677 2726 833 2824 tum'pri.

72 2817 172 2930 pitu}
196 2821 314 2926 ridere
339 2821 429 2927 ptihi
445 2819 748 2994 copingirPenum
768 2825 835 2930 Pe·

520 2935 572 3018 5⁴
644 2943 648 2950 ·
758 2937 851 2994 ··ur·.·
