2054 3660
97 166 232 245 com.
254 140 307 242 na
325 165 459 244 nenos
480 166 547 244 ac.
567 165 714 244 tntu.
745 171 821 272 173

42 303 102 354 ma
123 280 304 378 scriptione
319 277 452 356 secutus
471 338 482 370 ‚
499 279 581 356 cium
604 281 646 354 ad
668 282 822 355 alienum

46 377 231 478 ingenium
256 378 543 454 accommodallct
569 379 692 468 suum,
713 377 820 480 longe
862 395 866 402 ·

45 500 115 565 eo,
136 475 238 574 seque
254 475 340 550 adeo
358 476 432 574 ipso
451 476 543 551 visus
560 476 610 550 est
627 474 776 549 inferior.
814 525 819 537 ›

98 573 254 646 Felicem
273 571 463 648 milti-dedit
478 573 536 648 hie
552 591 662 648 annus
673 575 822 672 proveni

48 689 129 744 tum
147 669 334 747 doctorum
357 673 571 756 amicorum:
598 695 675 746 nam
698 691 824 769 praeter

49 793 136 856 eos,
159 793 248 866 quos
275 766 435 862 proximi
458 766 758 857 commemoravi,
779 766 824 840 ad
937 811 941 818 ·

50 862 244 942 ineundam
273 861 385 940 secum
416 865 696 942 consuetudinem
725 863 823 938 beni·

52 963 129 1060 gne
148 987 204 1036 nae
224 959 382 1038 invitavit
399 965 520 1038 Petrus
537 961 760 1053 Maridatius,
783 962 821 1037 in
901 1031 905 1039 .

52 1059 212 1159 Magno*
225 1059 337 1160 Regis
365 1060 525 1136 Confilio
546 1063 684 1138 Senator
703 1117 715 1152 ,
731 1058 824 1134 ⁴clun·

54 1157 348 1325 scriptia-comitet
371 1160 413 1232 ad
431 1180 489 1232 uae
509 1159 629 1252 literia,
650 1156 725 1234 tuln
744 1154 823 1232 anu-⁶

13 1283 15 1288 ¹
54 1277 108 1328 nu
121 1256 208 1329 culis
218 1252 401 1330 liberaliter
417 1252 533 1332 miffis.
565 1255 739 1354 Qtamvit
761 1279 825 1354 aue

13 1371 15 1378 ·
57 1371 129 1426 tem
151 1351 451 1428 nullos-doctrine
474 1352 541 1427 suae
556 1352 662 1430 foetus
679 1353 824 1430 ediderit

57 1447 111 1536 ing
128 1452 273 1541 lucem,
304 1472 338 1526 at
362 1449 550 1528 illustribus
574 1472 688 1524 tamen
714 1449 826 1522 homi·

60 1570 148 1622 num
160 1547 375 1624 etuditomm
392 1547 569 1640 amicitiis,
592 1548 629 1621 dt
653 1545 828 1644 splendida

59 1669 101 1720 ac
128 1646 301 1746 locuplete
327 1647 586 1741 Bibliotheca„
603 1647 701 1744 cujus
725 1645 825 1718 usum

62 1739 165 1818 facile
185 1741 591 1843 permittebatstudiolia,
612 1739 827 1818 iucon‘ecu·

62 1857 120 1916 tus
134 1843 206 1934 est,
229 1863 269 1918 ut
282 1836 408 1918 nomen
428 1839 531 1939 ipsius
544 1841 580 1918 in
593 1839 694 1916 fastos
716 1839 829 1935 litera·¹

63 1938 133 2016 rios
153 1939 344 2018 referretur.
772 1951 783 1966 ·’
821 1991 825 2001 -

110 2041 285 2142 Magnum
301 2042 425 2118 interea
435 2063 490 2114 me
504 2039 639 2116 tenebat
648 2037 830 2116 Mambruss
924 2082 926 2088 ·

67 2133 190 2212 ni--mei
205 2135 433 2228 deflentium,
455 2140 516 2305 pti
534 2135 614 2212 cium
635 2137 831 2236 Theologi·

67 2257 117 2307 cae
147 2235 285 2312 Scholae
312 2235 495 2310 Flex'ienta
518 2236 670 2334 Collegii
699 2237 830 2332 aliquot

69 2331 197 2406 abhinc
227 2332 324 2406 annis
367 2333 546 2430 ptaeellet,
581 2333 834 2418 diututniotem

70 2430 171 2516 etiam
198 2430 286 2522 illic,
309 2430 393 2504 dutn
422 2454 562 2504 munete
589 2431 655 2500 hoc
674 2426 713 2499 fu
761 2451 833 2498 ere·
925 2467 929 2476 ι

70 2547 147 2618 tut,
171 2551 304 2603 motam
322 2522 473 2602 luiturus
490 2523 681 2600 videbatur.
705 2525 727 2595 ·1
773 2523 835 2597 ita·-
885 2573 888 2578 ·

71 2649 140 2721 que
165 2622 326 2698 amicitiae
344 2625 468 2698 nostrae
487 2625 608 2698 debete
625 2618 834 2713 mecensui5

71 2742 109 2798 ut
126 2721 210 2810 cinn
235 2723 277 2796 ad
301 2743 358 2795 me
372 2724 497 2796 ⁸venire
518 2747 588 2796 non
617 2719 747 2817 pollet,
770 2741 834 2794 nec
937 2790 943 2802 ,

70 2818 230 2894 traditam
254 2817 314 2890 fibi
326 2820 537 2915 provinciam
556 2817 726 2909 deserete,
751 2823 847 2892 eum

71 2915 140 3016 ipse
159 2916 395 2994 convenirem.
432 2917 624 3088 Achedebat
640 2915 837 3022 &gratier

542 3031 562 3108 3
783 3026 836 3081 tn·
