2060 3654
80 236 86 246 ι
112 142 255 219 Coum.
277 161 328 218 bn
344 129 480 222 'ninus
502 141 574 224 &c
596 141 679 228 Lib.
690 147 734 233 V.
769 157 845 262 297'

49 259 168 335 mirm
195 259 352 358 angustae
381 261 575 352 Paroeciae‚
612 284 687 340 tum
708 271 846 353 alterius

45 359 187 432 deinde
198 359 369 446 Cadomi‚
388 357 573 432 restionem
588 360 631 448 in¹
642 360 673 437 se
685 367 841 468 suscepir3

48 475 247 552 torumque
264 457 345 529 vitae
363 475 497 552 tempus
516 459 667 532 curando
684 467 781 566 gregi
798 469 842 542 fi.

49 553 88 626 bi
109 551 326 645 commisso,
361 553 634 654 pauperibusque
660 557 839 642 sublevan-

50 652 108 725 dis
131 651 320 724 liberaliter
335 651 513 747 impenditss
584 697 589 705 ·

52 837 57 852 Ι
103 750 286 844 Scriptum
307 771 446 846 quoque
461 749 503 822 ad
522 773 578 824 me
595 751 643 826 est
664 757 838 853 oppetiisse
884 835 886 840 ,
908 791 914 798 ·

51 867 211 921 mortem
233 845 404 919 Andrean
426 847 708 950 Grandorgaeum
722 857 739 946 ‚'
775 881 836 932 ve·

51 944 124 1018 teri
149 967 288 1016 mecum
312 940 513 1018 devinctum
535 949 709 1043 amicitia,
738 956 837 1056 cujus

53 1041 266 1116 memoriam
298 1041 426 1114 exstare
456 1044 554 1118 volui
587 1048 630 1122 ad
663 1051 837 1150 posteros,

50 1135 143 1212 cum
165 1138 272 1212 fronti
288 1136 418 1237 Operis
430 1141 498 1214 mei
526 1147 578 1213 De
595 1145 836 1240 Interpretatir.

49 1261 93 1309 m
114 1259 243 1310 nomen
263 1238 335 1337 ejus
350 1236 495 1331 praefixi.
543 1240 617 1316 Vix
635 1245 692 1318 ille
708 1248 834 1344 primas

51 1331 242 1409 senectutis
275 1353 379 1408 metas
409 1333 594 1436 attigerat,
636 1341 834 1453 integraque

52 1451 133 1508 erat
158 1432 379 1521 valetudine,
412 1455 491 1528 quae
507 1433 733 1510 &diuturnae
751 1463 834 1518 vrtae

53 1529 155 1628 spem
172 1529 385 1619 ostentabat,
417 1527 501 1602 citm
524 1551 618 1604 novo
637 1535 752 1610 morbi
772 1563 833 1640 gei

54 1653 143 1703 nere
159 1626 278 1702 tentari
293 1647 429 1724 coeptus
444 1626 506 1700 cst.
557 1627 771 1708 Audiebatur
792 1640 829 1714 in

53 1725 191 1801 somnis
222 1726 286 1800 alta
318 1749 406 1799 voce
439 1725 610 1822 loquens,
643 1727 830 1832 ‘secumque

53 1822 132 1924 ipse
151 1823 274 1924 longos
293 1819 468 1897 conserens
483 1823 661 1901 sermones.
687 1828 829 1924 Quibus
897 1853 903 1898 ἐ

55 1919 199 1998 excitati
228 1920 378 2012 servuli,¹
410 1919 491 1995 cum
513 1921 605 1997 iilrto
626 1924 755 2004 lumine
774 1958 828 2008 ro·

50 2038 182 2130 gerent
199 2015 224 2091 si
244 2018 328 2116 quid
345 2018 377 2092 se
395 2019 515 2112 vellet,
537 2019 595 2096 ille
609 2027 729 2120 apertis
742 2055 828 2107 ocu-

53 2123 124 2207 lis,
146 2139 185 2190 ac
197 2118 373 2206 renidens,
396 2140 459 2189 nec
472 2123 687 2218 experrectus
702 2147 829 2224 tamen,

55 2214 170 2290 multa
189 2212 385 2316 exquirebat
399 2213 442 2288 ab
460 2214 518 2307 iis,
540 2217 609 2315 ipsc
628 2223 671 2296 ad
688 2225 827 2323 quaefita

54 2313 136 2388 satis
150 2309 338 2386 commode
355 2310 586 2410 respondebat.
618 2318 704 2394 Inde
722 2324 827 2399 latens

54 2413 95 2486 in
127 2407 312 2508 visceribus
339 2407 503 2482 febricula
527 2411 730 2506 deprehensa
759 2420 829 2511 est,

54 2531 139 2608 quae
157 2508 317 2604 paulatim
332 2503 562 2606 ingravescens
579 2503 667 2582 foras
683 2512 827 2591 demum

55 2605 207 2706 prodiit,
229 2605 472 2702 hominemque
490 2599 682 2680 consumsit.

42 2727 47 2737 ’
106 2700 204 2778 Citm
231 2701 323 2776 lecio
345 2700 486 2775 affixum
507 2703 561 2775 die
577 2703 722 2801 quadam
741 2706 826 2785 deu·-

44 2819 152 2876 ·neret
175 2797 428 2875 Sereniffitnurn
449 2799 664 2896 Delphinum
681 2805 765 2880 sevis
780 2833 827 2882 πα

53 2897 228 3000 grinde,
270 2897 400 2996 nosque
427 2895 681 2979 circumstanter
703 2905 826 3005 jocosis

468 2993 559 3095 Ni
760 2999 826 3105 serg
